@book{pollard2002user,
  title={A user's guide to measure theoretic probability},
  author={Pollard, David},
  number={8},
  year={2002},
  publisher={Cambridge University Press}
}

@book{durrett2019probability,
  title={Probability: theory and examples},
  author={Durrett, Rick},
  volume={49},
  year={2019},
  publisher={Cambridge university press}
}

@book{csorgo2014strong,
  title={Strong approximations in probability and statistics},
  author={Cs{\"o}rgo, Miklos and R{\'e}v{\'e}sz, P{\'a}l},
  year={2014},
  publisher={Academic press}
}

@article{komlos1975approximation,
  title={An approximation of partial sums of independent RV'-s, and the sample DF. I},
  author={Koml{\'o}s, J{\'a}nos and Major, P{\'e}ter and Tusn{\'a}dy, G{\'a}bor},
  journal={Zeitschrift f{\"u}r Wahrscheinlichkeitstheorie und verwandte Gebiete},
  volume={32},
  pages={111--131},
  year={1975},
  publisher={Springer}
}